@article{billinge_problem_2007,
	title = {The {Problem} with {Determining} {Atomic} {Structure} at the {Nanoscale}},
	volume = {316},
	url = {https://www.science.org/doi/10.1126/science.1135080},
	doi = {10.1126/science.1135080},
	number = {5824},
	urldate = {2025-05-31},
	journal = {Science},
	author = {Billinge, Simon J. L. and Levin, Igor},
	month = apr,
	year = {2007},
	note = {Publisher: American Association for the Advancement of Science},
	pages = {561--565}
}
